<?xml version="1.0" encoding="UTF-8"?>
  <record xmlns="http://www.loc.gov/MARC21/slim" type="Authority">
    <leader>00000nz  a2200000nc 4500</leader>
    <controlfield tag="001">118775553</controlfield>
    <controlfield tag="003">DE-101</controlfield>
    <controlfield tag="005">20190809165628.0</controlfield>
    <controlfield tag="008">880701n||azznnaabn           | aaa    |c</controlfield>
    <datafield tag="024" ind1="7" ind2=" ">
      <subfield code="a">118775553</subfield>
      <subfield code="0">http://d-nb.info/gnd/118775553</subfield>
      <subfield code="2">gnd</subfield>
    </datafield>
    <datafield tag="024" ind1="7" ind2=" ">
      <subfield code="a">no2001060810</subfield>
      <subfield code="2">lccn</subfield>
    </datafield>
    <datafield tag="024" ind1="7" ind2=" ">
      <subfield code="a">66461892</subfield>
      <subfield code="2">viaf</subfield>
    </datafield>
    <datafield tag="035" ind1=" " ind2=" ">
      <subfield code="a">(DE-101)118775553</subfield>
    </datafield>
    <datafield tag="035" ind1=" " ind2=" ">
      <subfield code="a">(DE-588)118775553</subfield>
    </datafield>
    <datafield tag="035" ind1=" " ind2=" ">
      <subfield code="z">(DE-588)1122850050</subfield>
    </datafield>
    <datafield tag="035" ind1=" " ind2=" ">
      <subfield code="z">(DE-588)181602784</subfield>
    </datafield>
    <datafield tag="035" ind1=" " ind2=" ">
      <subfield code="z">(DE-588a)181602784</subfield>
      <subfield code="9">v:zg</subfield>
    </datafield>
    <datafield tag="035" ind1=" " ind2=" ">
      <subfield code="z">(DE-588a)118775553</subfield>
      <subfield code="9">v:zg</subfield>
    </datafield>
    <datafield tag="035" ind1=" " ind2=" ">
      <subfield code="z">(DE-588a)10009015X</subfield>
    </datafield>
    <datafield tag="035" ind1=" " ind2=" ">
      <subfield code="z">(DE-588c)4109487-6</subfield>
      <subfield code="9">v:zg</subfield>
    </datafield>
    <datafield tag="040" ind1=" " ind2=" ">
      <subfield code="a">DE-101</subfield>
      <subfield code="c">DE-101</subfield>
      <subfield code="9">r:DE-101</subfield>
      <subfield code="b">ger</subfield>
      <subfield code="d">0017</subfield>
    </datafield>
    <datafield tag="042" ind1=" " ind2=" ">
      <subfield code="a">gnd1</subfield>
    </datafield>
    <datafield tag="043" ind1=" " ind2=" ">
      <subfield code="c">XA-VA</subfield>
    </datafield>
    <datafield tag="065" ind1=" " ind2=" ">
      <subfield code="a">3.6p</subfield>
      <subfield code="2">sswd</subfield>
    </datafield>
    <datafield tag="065" ind1=" " ind2=" ">
      <subfield code="a">16.5p</subfield>
      <subfield code="2">sswd</subfield>
    </datafield>
    <datafield tag="075" ind1=" " ind2=" ">
      <subfield code="b">p</subfield>
      <subfield code="2">gndgen</subfield>
    </datafield>
    <datafield tag="075" ind1=" " ind2=" ">
      <subfield code="b">piz</subfield>
      <subfield code="2">gndspec</subfield>
    </datafield>
    <datafield tag="079" ind1=" " ind2=" ">
      <subfield code="a">g</subfield>
      <subfield code="q">a</subfield>
      <subfield code="q">f</subfield>
      <subfield code="q">s</subfield>
    </datafield>
    <datafield tag="100" ind1="0" ind2=" ">
      <subfield code="a">Innozenz</subfield>
      <subfield code="b">XIII.</subfield>
      <subfield code="c">Papst</subfield>
      <subfield code="d">1655-1724</subfield>
    </datafield>
    <datafield tag="400" ind1="1" ind2=" ">
      <subfield code="a">Conti, Michel</subfield>
      <subfield code="d">1655-1724</subfield>
    </datafield>
    <datafield tag="400" ind1="0" ind2=" ">
      <subfield code="a">Innocenz</subfield>
      <subfield code="b">XIII.</subfield>
      <subfield code="c">Papa</subfield>
      <subfield code="d">1655-1724</subfield>
    </datafield>
    <datafield tag="400" ind1="1" ind2=" ">
      <subfield code="a">Conti, Michelangelo &#152;dei&#156;</subfield>
      <subfield code="d">1655-1724</subfield>
    </datafield>
    <datafield tag="400" ind1="1" ind2=" ">
      <subfield code="a">Conti, Michel Angelo</subfield>
      <subfield code="d">1655-1724</subfield>
    </datafield>
    <datafield tag="400" ind1="1" ind2=" ">
      <subfield code="a">De'Conti, Michelangelo</subfield>
      <subfield code="d">1655-1724</subfield>
    </datafield>
    <datafield tag="400" ind1="1" ind2=" ">
      <subfield code="a">Conti, Michelangelo &#152;de'&#156;</subfield>
      <subfield code="d">1655-1724</subfield>
    </datafield>
    <datafield tag="400" ind1="1" ind2=" ">
      <subfield code="a">Comitibus, Michael Angelus &#152;de&#156;</subfield>
      <subfield code="d">1655-1724</subfield>
    </datafield>
    <datafield tag="400" ind1="0" ind2=" ">
      <subfield code="a">Michael Angelus</subfield>
      <subfield code="c">de Comitibus</subfield>
      <subfield code="d">1655-1724</subfield>
    </datafield>
    <datafield tag="400" ind1="0" ind2=" ">
      <subfield code="a">Innocentius</subfield>
      <subfield code="b">XIII.</subfield>
      <subfield code="c">Papa</subfield>
      <subfield code="d">1655-1724</subfield>
    </datafield>
    <datafield tag="400" ind1="0" ind2=" ">
      <subfield code="a">Innozenz</subfield>
      <subfield code="b">XIII</subfield>
      <subfield code="c">Papst</subfield>
      <subfield code="d">1655-1724</subfield>
    </datafield>
    <datafield tag="400" ind1="0" ind2=" ">
      <subfield code="9">L:fre</subfield>
      <subfield code="a">Innozenz</subfield>
      <subfield code="b">XIII</subfield>
      <subfield code="c">Pape</subfield>
      <subfield code="d">1655-1724</subfield>
      <subfield code="5">CH-GND</subfield>
    </datafield>
    <datafield tag="400" ind1="0" ind2=" ">
      <subfield code="9">L:eng</subfield>
      <subfield code="a">Innozenz</subfield>
      <subfield code="b">XIII</subfield>
      <subfield code="c">Pope</subfield>
      <subfield code="d">1655-1724</subfield>
      <subfield code="5">CH-GND</subfield>
    </datafield>
    <datafield tag="400" ind1="1" ind2=" ">
      <subfield code="a">Conti, Michel A.</subfield>
      <subfield code="c">Papst</subfield>
      <subfield code="d">1655-1724</subfield>
    </datafield>
    <datafield tag="400" ind1="1" ind2=" ">
      <subfield code="a">Conti, Michel A.</subfield>
      <subfield code="c">Pape</subfield>
      <subfield code="d">1655-1724</subfield>
    </datafield>
    <datafield tag="400" ind1="1" ind2=" ">
      <subfield code="a">Conti, Michel A.</subfield>
      <subfield code="c">Pope</subfield>
      <subfield code="d">1655-1724</subfield>
    </datafield>
    <datafield tag="400" ind1="1" ind2=" ">
      <subfield code="a">Conti, Michel</subfield>
      <subfield code="c">Papst</subfield>
      <subfield code="d">1655-1724</subfield>
    </datafield>
    <datafield tag="400" ind1="1" ind2=" ">
      <subfield code="a">Conti, Michel</subfield>
      <subfield code="c">Pape</subfield>
      <subfield code="d">1655-1724</subfield>
    </datafield>
    <datafield tag="400" ind1="1" ind2=" ">
      <subfield code="a">Conti, Michel</subfield>
      <subfield code="c">Pope</subfield>
      <subfield code="d">1655-1724</subfield>
    </datafield>
    <datafield tag="400" ind1="0" ind2=" ">
      <subfield code="a">Innocenz</subfield>
      <subfield code="b">XIII</subfield>
      <subfield code="c">Papst</subfield>
      <subfield code="d">1655-1724</subfield>
    </datafield>
    <datafield tag="400" ind1="0" ind2=" ">
      <subfield code="a">Innocenz</subfield>
      <subfield code="b">XIII</subfield>
      <subfield code="c">Pape</subfield>
      <subfield code="d">1655-1724</subfield>
    </datafield>
    <datafield tag="400" ind1="0" ind2=" ">
      <subfield code="a">Innocenz</subfield>
      <subfield code="b">XIII</subfield>
      <subfield code="c">Pope</subfield>
      <subfield code="d">1655-1724</subfield>
    </datafield>
    <datafield tag="400" ind1="1" ind2=" ">
      <subfield code="a">Conti, Michelangelo dei</subfield>
      <subfield code="c">Papst</subfield>
      <subfield code="d">1655-1724</subfield>
    </datafield>
    <datafield tag="400" ind1="1" ind2=" ">
      <subfield code="a">Conti, Michelangelo dei</subfield>
      <subfield code="c">Pape</subfield>
      <subfield code="d">1655-1724</subfield>
    </datafield>
    <datafield tag="400" ind1="1" ind2=" ">
      <subfield code="a">Conti, Michelangelo dei</subfield>
      <subfield code="c">Pope</subfield>
      <subfield code="d">1655-1724</subfield>
    </datafield>
    <datafield tag="400" ind1="0" ind2=" ">
      <subfield code="a">Innocentius</subfield>
      <subfield code="b">XIII</subfield>
      <subfield code="c">Papst</subfield>
      <subfield code="d">1655-1724</subfield>
    </datafield>
    <datafield tag="400" ind1="0" ind2=" ">
      <subfield code="a">Innocentius</subfield>
      <subfield code="b">XIII</subfield>
      <subfield code="c">Pape</subfield>
      <subfield code="d">1655-1724</subfield>
    </datafield>
    <datafield tag="400" ind1="0" ind2=" ">
      <subfield code="a">Innocentius</subfield>
      <subfield code="b">XIII</subfield>
      <subfield code="c">Pope</subfield>
      <subfield code="d">1655-1724</subfield>
    </datafield>
    <datafield tag="500" ind1="1" ind2=" ">
      <subfield code="0">(DE-101)143067338</subfield>
      <subfield code="0">(DE-588)143067338</subfield>
      <subfield code="0">https://d-nb.info/gnd/143067338</subfield>
      <subfield code="a">Conti, Bernardo Maria</subfield>
      <subfield code="d">1664-1730</subfield>
      <subfield code="4">bezf</subfield>
      <subfield code="4">https://d-nb.info/standards/elementset/gnd#familialRelationship</subfield>
      <subfield code="w">r</subfield>
      <subfield code="i">Beziehung familiaer</subfield>
      <subfield code="e">Beziehung familiaer</subfield>
      <subfield code="9">v:Bruder</subfield>
    </datafield>
    <datafield tag="548" ind1=" " ind2=" ">
      <subfield code="a">1655-1724</subfield>
      <subfield code="4">datl</subfield>
      <subfield code="4">https://d-nb.info/standards/elementset/gnd#dateOfBirthAndDeath</subfield>
      <subfield code="w">r</subfield>
      <subfield code="i">Lebensdaten</subfield>
    </datafield>
    <datafield tag="548" ind1=" " ind2=" ">
      <subfield code="a">13.05.1655-07.03.1724</subfield>
      <subfield code="4">datx</subfield>
      <subfield code="4">https://d-nb.info/standards/elementset/gnd#dateOfBirthAndDeath</subfield>
      <subfield code="w">r</subfield>
      <subfield code="i">Exakte Lebensdaten</subfield>
    </datafield>
    <datafield tag="550" ind1=" " ind2=" ">
      <subfield code="0">(DE-101)040445615</subfield>
      <subfield code="0">(DE-588)4044561-6</subfield>
      <subfield code="0">https://d-nb.info/gnd/4044561-6</subfield>
      <subfield code="a">Papst</subfield>
      <subfield code="4">berc</subfield>
      <subfield code="4">https://d-nb.info/standards/elementset/gnd#professionOrOccupation</subfield>
      <subfield code="w">r</subfield>
      <subfield code="i">Charakteristischer Beruf</subfield>
    </datafield>
    <datafield tag="551" ind1=" " ind2=" ">
      <subfield code="0">(DE-101)977019950</subfield>
      <subfield code="0">(DE-588)10120022-5</subfield>
      <subfield code="0">https://d-nb.info/gnd/10120022-5</subfield>
      <subfield code="a">Poli</subfield>
      <subfield code="4">ortg</subfield>
      <subfield code="4">https://d-nb.info/standards/elementset/gnd#placeOfBirth</subfield>
      <subfield code="w">r</subfield>
      <subfield code="i">Geburtsort</subfield>
    </datafield>
    <datafield tag="551" ind1=" " ind2=" ">
      <subfield code="0">(DE-101)040504719</subfield>
      <subfield code="0">(DE-588)4050471-2</subfield>
      <subfield code="0">https://d-nb.info/gnd/4050471-2</subfield>
      <subfield code="a">Rom</subfield>
      <subfield code="4">orts</subfield>
      <subfield code="4">https://d-nb.info/standards/elementset/gnd#placeOfDeath</subfield>
      <subfield code="w">r</subfield>
      <subfield code="i">Sterbeort</subfield>
    </datafield>
    <datafield tag="551" ind1=" " ind2=" ">
      <subfield code="0">(DE-101)042813220</subfield>
      <subfield code="0">(DE-588)4281322-0</subfield>
      <subfield code="0">https://d-nb.info/gnd/4281322-0</subfield>
      <subfield code="a">Osimo</subfield>
      <subfield code="4">ortw</subfield>
      <subfield code="4">https://d-nb.info/standards/elementset/gnd#placeOfActivity</subfield>
      <subfield code="w">r</subfield>
      <subfield code="i">Wirkungsort</subfield>
    </datafield>
    <datafield tag="551" ind1=" " ind2=" ">
      <subfield code="0">(DE-101)041194543</subfield>
      <subfield code="0">(DE-588)4119454-8</subfield>
      <subfield code="0">https://d-nb.info/gnd/4119454-8</subfield>
      <subfield code="a">Viterbo</subfield>
      <subfield code="4">ortw</subfield>
      <subfield code="4">https://d-nb.info/standards/elementset/gnd#placeOfActivity</subfield>
      <subfield code="w">r</subfield>
      <subfield code="i">Wirkungsort</subfield>
    </datafield>
    <datafield tag="551" ind1=" " ind2=" ">
      <subfield code="0">(DE-101)040504719</subfield>
      <subfield code="0">(DE-588)4050471-2</subfield>
      <subfield code="0">https://d-nb.info/gnd/4050471-2</subfield>
      <subfield code="a">Rom</subfield>
      <subfield code="4">ortw</subfield>
      <subfield code="4">https://d-nb.info/standards/elementset/gnd#placeOfActivity</subfield>
      <subfield code="w">r</subfield>
      <subfield code="i">Wirkungsort</subfield>
    </datafield>
    <datafield tag="670" ind1=" " ind2=" ">
      <subfield code="a">M</subfield>
    </datafield>
    <datafield tag="670" ind1=" " ind2=" ">
      <subfield code="a">Internet</subfield>
      <subfield code="u">http://www.catholic-hierarchy.org/bishop/bcontimi.html</subfield>
    </datafield>
    <datafield tag="670" ind1=" " ind2=" ">
      <subfield code="a">Internet</subfield>
      <subfield code="u">http://www.treccani.it/enciclopedia/papa-innocenzo-xiii_(Dizionario_Biografico)/</subfield>
    </datafield>
    <datafield tag="672" ind1=" " ind2="0">
      <subfield code="a">Michael Angelus Conti Romanus sub nomine Innocentii XIII. Pontifex O. M. die 8 Mayi ... - s.a.</subfield>
    </datafield>
    <datafield tag="678" ind1=" " ind2=" ">
      <subfield code="b">1709 Bischof von Osimo. 1712-1719 Bischof von Viterbo. 1721-1724 Papst</subfield>
    </datafield>
    <datafield tag="913" ind1=" " ind2=" ">
      <subfield code="S">pnd</subfield>
      <subfield code="i">5</subfield>
      <subfield code="a">Innocentius &lt;Papa, XIII.&gt;</subfield>
      <subfield code="0">(DE-588a)118775553</subfield>
    </datafield>
    <datafield tag="913" ind1=" " ind2=" ">
      <subfield code="S">pnd</subfield>
      <subfield code="i">5</subfield>
      <subfield code="a">Innozenz &lt;Papst, XIII.&gt;</subfield>
      <subfield code="0">(DE-588a)118775553</subfield>
    </datafield>
    <datafield tag="913" ind1=" " ind2=" ">
      <subfield code="S">pnd</subfield>
      <subfield code="i">5</subfield>
      <subfield code="a">Innocentius &lt;Papa, Xiii.&gt;</subfield>
      <subfield code="0">(DE-588a)181602784</subfield>
    </datafield>
  </record>
